@BOOK{The_Mathematical_Theory_of_Time-Harmonic_Maxwells_Equations,
  title = {The Mathematical Theory of Time-Harmonic Maxwell's Equations},
  publisher = {Springler},
  year = {2015},
  author = {Andreas Kirsch and Frank Hettlich},
  timestamp = {2024.10.10}
}

@ARTICLE{Sur_la_possibilite_existence_de_la_conductibilite_magnetique_et_du_magnetisme_libre,
  title = {Sur la possibilité d’existence de la conductibilité magnétique et du magnétisme libre},
  year = {1894},
  author = {Pierre Curie},
  journal = {J. Phys. Theor. Appl.},
  pages = {415,417}
}

@BOOK{Handbook_of_Mathematial_functions,
  title = {Handbook of Mathematical functions with Formulas, Graphs, and Mathematical Tables},
  publisher = {Dover},
  year = {1964},
  author = {M. Abramowitz and I. Stegun.},
  address = {New York},
  timestamp = {2024.10.13}
}

@BOOK{An_introduction_to_the_geometry,
  title = {An introduction to the geometry of n dimensions},
  publisher = {Dover},
  year = {1958},
  author = {D. M. Y. Sommerville},
  address = {New York},
  timestamp = {2024.10.13}
}

@BOOK{Greens_functions_in_quantum_physics,
  title = {Green's Functions in Quantum Physics},
  publisher = {Springler},
  year = {2006},
  author = {Eleftherios N. Economou},
  timestamp = {2024.10.14},
  edition = {3rd},
  pages = {3--9}
}

@BOOK{tai_dyadic,
  title={Dyadic Green Functions in Electromagnetic Theory},
  author={Tai, C. and IEEE Antennas and Propagation Society and IEEE Microwave Theory and Techniques Society},
  isbn={9780780310247},
  lccn={gb96067517},
  series={IEEE Press Publication Series},
  year={1994},
  publisher={IEEE Press}
}

@book{volakis2012integral,
  title={Integral Equation Methods for Electromagnetics},
  author={Volakis, J.L. and Sertel, K.},
  isbn={9781891121937},
  lccn={2011041801},
  series={Electromagnetic Waves Series},
  year={2012},
  publisher={Institution of Engineering and Technology}
}

@article{Sommerfeld1912,
    author = {Sommerfeld, A.},
    journal = {Jahresbericht der Deutschen Mathematiker-Vereinigung},
    pages = {309-352},
    title = {Die Greensche Funktion der Schwingungslgleichung.},
    volume = {21},
    year = {1912},
}


@article{Rellich1943,
    author = {Rellich, Franz},
    journal = {Jahresbericht der Deutschen Mathematiker-Vereinigung},
    keywords = {Partial differential equations},
    pages = {57-65},
    title = {Über das asymptotische Verhalten der Lösungen von $\nabla^2 u + \lambda u = 0$ in unendlichen Gebieten.},
    volume = {53},
    year = {1943},
}

@book{zangwill2013modern,
  title={Modern Electrodynamics},
  author={Zangwill, A.},
  isbn={9780521896979},
  lccn={2012035054},
  series={Modern Electrodynamics},
  year={2013},
  publisher={Cambridge University Press}
}

@book{chew2008,
    author = {Weng Cho Chew, Mei Song Tong, Hu Bin},
    year = {2008},
    month = {01},
    title = {Integral Equation Methods for Electromagnetic and Elastic Waves},
    doi = {10.2200/S00102ED1V01Y200807CEM012}
}

@ARTICLE{critique,
  author={Jones, D.},
  journal={IRE Transactions on Antennas and Propagation}, 
  title={A critique of the variational method in scattering problems}, 
  year={1956},
  volume={4},
  number={3},
  pages={297-301},
  keywords={Acoustic scattering;Integral equations;Electromagnetic scattering;Moment methods;Apertures;Frequency;Contracts;Physical theory of diffraction;Boundary conditions},
  doi={10.1109/TAP.1956.1144390}
}

